<?xml version="1.0" encoding="UTF-8"?><collection xmlns="http://www.loc.gov/MARC21/slim"><record><leader>00502nam--2200205-i-4500</leader><controlfield tag="001">000019661</controlfield><controlfield tag="002">20161230</controlfield><controlfield tag="005">20161230201033</controlfield><controlfield tag="008">060222s1000------------r-----000-0-fre-d</controlfield><datafield ind1=" " ind2=" " tag="040"><subfield code="a">IFIN-HH</subfield></datafield><datafield ind1=" " ind2=" " tag="041"><subfield code="a">fre</subfield></datafield><datafield ind1=" " ind2=" " tag="080"><subfield code="a">537.6</subfield></datafield><datafield ind1="1" ind2=" " tag="100"><subfield code="a">Weiss, Pierre</subfield></datafield><datafield ind1="1" ind2="0" tag="245"><subfield code="a">Le magnetisme</subfield><subfield code="c">Pierre weiss, gabriel foex</subfield></datafield><datafield ind1=" " ind2=" " tag="260"><subfield code="a">Paris</subfield><subfield code="b">Armand Colin</subfield><subfield code="c">1926</subfield></datafield><datafield ind1=" " ind2=" " tag="300"><subfield code="a">215 P</subfield></datafield><datafield ind1=" " ind2=" " tag="490"><subfield code="a">Collection Armand Colin</subfield></datafield><datafield ind1="1" ind2=" " tag="700"><subfield code="a">Foex, Gabriel</subfield></datafield><datafield ind1=" " ind2=" " tag="852"><subfield code="a">44615</subfield><subfield code="c">H.H</subfield></datafield><datafield ind1=" " ind2=" " tag="CAT"><subfield code="a">Sys</subfield><subfield code="c">20130416</subfield><subfield code="h">110854</subfield></datafield></record></collection>